% Fundamental references on the prime omega function and multiplicative functions

@book{hardy2008introduction,
  title={An Introduction to the Theory of Numbers},
  author={Hardy, G. H. and Wright, E. M.},
  edition={6th},
  year={2008},
  publisher={Oxford University Press},
  note={The classic reference for elementary number theory, contains basic properties of $\Omega(n)$}
}

@book{apostol1976introduction,
  title={Introduction to Analytic Number Theory},
  author={Apostol, Tom M.},
  year={1976},
  publisher={Springer-Verlag},
  note={Standard reference for analytic methods, discusses multiplicative functions}
}

@article{erdos1940gaussian,
  title={The Gaussian law of errors in the theory of additive number theoretic functions},
  author={Erd{\H{o}}s, Paul and Kac, Mark},
  journal={American Journal of Mathematics},
  volume={62},
  number={1},
  pages={738--742},
  year={1940},
  publisher={Johns Hopkins University Press},
  note={The foundational paper establishing normal distribution of additive functions}
}

% On additive functions and their distribution

@article{delange1975distribution,
  title={Sur la distribution des valeurs des fonctions additives},
  author={Delange, Hubert},
  journal={Bulletin de la Soci{\'e}t{\'e} Math{\'e}matique de France},
  volume={103},
  pages={463--480},
  year={1975},
  note={General theory of how additive functions distribute modulo integers}
}

@book{tenenbaum2015introduction,
  title={Introduction to Analytic and Probabilistic Number Theory},
  author={Tenenbaum, G{\'e}rald},
  edition={3rd},
  year={2015},
  publisher={American Mathematical Society},
  note={Modern treatment of probabilistic methods in number theory}
}

@article{halasz1977distribution,
  title={On the distribution of additive functions},
  author={Hal{\'a}sz, G{\'a}bor},
  journal={Studia Scientiarum Mathematicarum Hungarica},
  volume={12},
  pages={123--134},
  year={1977},
  note={Important results on concentration of additive functions}
}

% Liouville function and related work

@article{polya1919verschiedene,
  title={{\"U}ber verschiedene Bemerkungen zur Zahlentheorie},
  author={P{\'o}lya, George},
  journal={Jahresbericht der Deutschen Mathematiker-Vereinigung},
  volume={28},
  pages={31--40},
  year={1919},
  note={Early work on the Liouville function, related to $\Omega(n)$ mod 2}
}

@article{borwein2008sign,
  title={Sign changes in sums of the Liouville function},
  author={Borwein, Peter and Ferguson, Ron and Mossinghoff, Michael J.},
  journal={Mathematics of Computation},
  volume={77},
  number={263},
  pages={1681--1694},
  year={2008},
  note={Modern computational work on Liouville function}
}

@article{borwein2008completely,
  title={Completely multiplicative functions taking values in $\{-1,1\}$},
  author={Borwein, Peter and Choi, Stephen and Coons, Michael},
  journal={Transactions of the American Mathematical Society},
  volume={360},
  number={6},
  pages={3103--3113},
  year={2008},
  note={Study of completely multiplicative functions with restricted values}
}

% Prime distribution and Dirichlet's theorem

@book{davenport2000multiplicative,
  title={Multiplicative Number Theory},
  author={Davenport, Harold},
  edition={3rd},
  year={2000},
  publisher={Springer-Verlag},
  note={Contains Dirichlet's theorem on primes in arithmetic progressions}
}

@article{dirichlet1837beweis,
  title={Beweis des Satzes, dass jede unbegrenzte arithmetische Progression, deren erstes Glied und Differenz ganze Zahlen ohne gemeinschaftlichen Factor sind, unendlich viele Primzahlen enth{\"a}lt},
  author={Dirichlet, Peter Gustav Lejeune},
  journal={Abhandlungen der K{\"o}niglichen Preu{\ss}ischen Akademie der Wissenschaften},
  pages={45--81},
  year={1837},
  note={Original paper on primes in arithmetic progressions}
}

% Computational number theory

@book{bach1996algorithmic,
  title={Algorithmic Number Theory, Volume 1: Efficient Algorithms},
  author={Bach, Eric and Shallit, Jeffrey},
  year={1996},
  publisher={MIT Press},
  note={Modern algorithmic approaches to number theory}
}

@article{deleglise1996computing,
  title={Computing Ï€(x): The Meissel-Lehmer method},
  author={Deleglise, Marc and Rivat, Jo{\"e}l},
  journal={Mathematics of Computation},
  volume={65},
  number={213},
  pages={235--245},
  year={1996},
  note={Example of modern computational methods in number theory}
}

% Related to prime races and biases

@article{rubinstein1994chebyshev,
  title={Chebyshev's bias},
  author={Rubinstein, Michael and Sarnak, Peter},
  journal={Experimental Mathematics},
  volume={3},
  number={3},
  pages={173--197},
  year={1994},
  note={Discovery of persistent biases in prime distributions}
}

@article{granville2004prime,
  title={Prime number races},
  author={Granville, Andrew and Martin, Greg},
  journal={The American Mathematical Monthly},
  volume={113},
  number={1},
  pages={1--33},
  year={2006},
  note={Comprehensive survey of bias phenomena in prime distribution}
}

% Statistical methods

@book{feller1968introduction,
  title={An Introduction to Probability Theory and Its Applications},
  author={Feller, William},
  volume={1},
  edition={3rd},
  year={1968},
  publisher={John Wiley \& Sons},
  note={Standard reference for probability theory used in our statistical analysis}
}

% Modern computational discoveries

@article{odlyzko1987distribution,
  title={On the distribution of spacings between zeros of the zeta function},
  author={Odlyzko, Andrew M.},
  journal={Mathematics of Computation},
  volume={48},
  number={177},
  pages={273--308},
  year={1987},
  note={Example of computational discovery in number theory}
}

% Background on normal order and average order

@article{turan1934additive,
  title={On a theorem of Hardy and Ramanujan},
  author={Tur{\'a}n, Paul},
  journal={Journal of the London Mathematical Society},
  volume={9},
  number={4},
  pages={274--276},
  year={1934},
  note={Important work on normal order of additive functions}
}

@book{murty2008problems,
  title={Problems in Analytic Number Theory},
  author={Murty, M. Ram},
  edition={2nd},
  year={2008},
  publisher={Springer},
  note={Modern problem-oriented approach to analytic number theory}
}

% Recent work on arithmetic functions

@article{granville2008anatomy,
  title={Smooth numbers: Computational number theory and beyond},
  author={Granville, Andrew},
  booktitle={Algorithmic Number Theory},
  series={MSRI Publications},
  volume={44},
  year={2008},
  publisher={Cambridge University Press},
  note={Comprehensive treatment of smooth numbers and their applications}
}

@article{lemke2016unexpected,
  title={Unexpected biases in the distribution of consecutive primes},
  author={Lemke Oliver, Robert J. and Soundararajan, Kannan},
  journal={Proceedings of the National Academy of Sciences USA},
  volume={113},
  number={31},
  pages={4446--4454},
  year={2016},
  note={Recent discovery of unexpected biases in prime patterns}
}

% Chi-squared test reference

@article{pearson1900criterion,
  title={On the criterion that a given system of deviations from the probable in the case of a correlated system of variables is such that it can be reasonably supposed to have arisen from random sampling},
  author={Pearson, Karl},
  journal={Philosophical Magazine},
  volume={50},
  number={302},
  pages={157--175},
  year={1900},
  note={Original chi-squared test paper}
}